@article{LDA,
  title={Latent dirichlet allocation},
  author={Blei, David M and Ng, Andrew Y and Jordan, Michael I},
  journal={The Journal of Machine Learning Research},
  volume={3},
  pages={993--1022},
  year={2003},
  publisher={JMLR. org}
}

@article{pritchard2000inference,
  title={Inference of population structure using multilocus genotype data},
  author={Pritchard, Jonathan K and Stephens, Matthew and Donnelly, Peter},
  journal={Genetics},
  volume={155},
  number={2},
  pages={945--959},
  year={2000},
  publisher={Genetics Soc America}
}

@article{wainwright2008graphical,
  title={Graphical models, exponential families, and variational inference},
  author={Wainwright, Martin J and Jordan, Michael I},
  journal={Foundations and Trends in Machine Learning},
  volume={1},
  number={1-2},
  pages={1--305},
  year={2008},
  publisher={Now Publishers Inc.}
}


@article{gormley2009grade,
  title={A grade of membership model for rank data},
  author={Gormley, Isobel Claire and Murphy, Thomas Brendan},
  journal={Bayesian Analysis},
  volume={4},
  number={2},
  pages={265--295},
  year={2009},
  publisher={International Society for Bayesian Analysis}
}

@article{erosheva2004mixed,
  title={Mixed-membership models of scientific publications},
  author={Erosheva, Elena and Fienberg, Stephen and Lafferty, John},
  journal={Proceedings of the National Academy of Sciences of the United States of America},
  volume={101},
  number={Suppl 1},
  pages={5220--5227},
  year={2004},
  publisher={National Acad Sciences}
}

@article{erosheva2007describing,
  title={Describing disability through individual-level mixture models for multivariate binary data},
  author={Erosheva, Elena A and Fienberg, Stephen E and Joutard, Cyrille},
  journal={The Annals of Applied Statistics},
  volume={1},
  number={2},
  pages={346},
  year={2007},
  publisher={NIH Public Access}
}

@inproceedings{airoldi2009mixed,
  title={Mixed membership stochastic blockmodels},
  author={Airoldi, Edoardo M and Blei, David M and Fienberg, Stephen E and Xing, Eric P},
  booktitle={Advances in Neural Information Processing Systems},
  pages={33--40},
  year={2009}
}


@book{Airoldi2014Handbook,
  title={Handbook of Mixed Membership Models and Their Applications},
  author={Airoldi, Edoardo M. and Blei, David and Erosheva, Elena A. and Fienberg, Stephen E.},
  year={2014},
  publisher={Chapman and Hall}
}

@book{wright1999numerical,
  title={Numerical Optimization},
  author={Wright, SJ and Nocedal, J},
  volume={2},
  year={1999},
  publisher={Springer New York}
}



@article{stephens2000dealing,
  title={Dealing with label switching in mixture models},
  author={Stephens, Matthew},
  journal={Journal of the Royal Statistical Society: Series B (Statistical Methodology)},
  volume={62},
  number={4},
  pages={795--809},
  year={2000},
  publisher={Wiley Online Library}
}

@article{baker2014deterministic,
  title={Deterministic Evolution of Strength in Multiple Comparisons Models: Who is the Greatest Golfer?},
  author={Baker, Rose D and McHale, Ian G},
  journal={Scandinavian Journal of Statistics},
  year={2014},
  publisher={Wiley Online Library}
}

@article{hunter2004mm,
  title={{MM} algorithms for generalized {B}radley-{T}erry models},
  author={Hunter, David R},
  journal={Annals of Statistics},
  pages={384--406},
  year={2004},
  publisher={JSTOR}
}

@phdthesis{beal2003variational,
  title={Variational algorithms for approximate Bayesian inference},
  author={Beal, Matthew James},
  year={2003},
  school={University of London}
}


@misc{ANES ,
author= "American National Election Studies ANES",
year = "1999",
title = "NATIONAL ELECTION STUDIES, 1983 PILOT ELECTION STUDY",
url = "http://www.electionstudies.org/studypages/1983pilot/1983pilot.htm",
institution = "University of Michigan, Center for Political Studies" }

@article{jaakkola200110,
  title={10 Tutorial on Variational Approximation Methods},
  author={Jaakkola, Tommi S},
  journal={Advanced mean field methods: theory and practice},
  pages={129},
  year={2001},
  publisher={MIT Press}
}

@article{feldman1988structure,
  title={Structure and consistency in public opinion: The role of core beliefs and values},
  author={Feldman, Stanley},
  journal={American Journal of Political Science},
  pages={416--440},
  year={1988},
  publisher={JSTOR}
}


@inbook{grossManriqueVallier,
    Author = {Gross, Justin and Manrique-Vallier, Daniel},
    Chapter = {A Mixed Membership Approach to the Assessment of
Political Ideology from Survey Responses},
    Editor = {Airoldi, Edoardo M. and Blei, David and Erosheva, Elena A. and Fienberg, Stephen E.},
    Pages = {119--139},
    Publisher = {Chapman \& Hall/CRC Press},
    Title = {Handbook of Mixed Membership Models and Its Applications},
    Year = {2014}
}